<record><leader>05077nam a2200433 i 4500</leader><controlfield tag="001">6748894</controlfield><controlfield tag="003">FlBoTFG</controlfield><controlfield tag="005">20141121161956.0</controlfield><controlfield tag="006">m|||||o||d||||||||</controlfield><controlfield tag="007">cr||||</controlfield><controlfield tag="008">141121t20152015ne ad   ob    101 0 eng d</controlfield><datafield ind1=" " ind2=" " tag="020"><subfield code="a">9781315731629 (e-book : PDF)</subfield></datafield><datafield ind1=" " ind2=" " tag="035"><subfield code="a">ocn896840107</subfield></datafield><datafield ind1=" " ind2=" " tag="039"><subfield code="a">exclude</subfield></datafield><datafield ind1=" " ind2=" " tag="040"><subfield code="a">FlBoTFG</subfield><subfield code="b">eng</subfield><subfield code="c">FlBoTFG</subfield><subfield code="e">rda</subfield><subfield code="d">AEU</subfield></datafield><datafield ind1=" " ind2="4" tag="050"><subfield code="a">VM600</subfield><subfield code="b">.C66 2014</subfield></datafield><datafield ind1=" " ind2=" " tag="090"><subfield code="a">Internet Access</subfield><subfield code="b">AEU</subfield></datafield><datafield ind1="2" ind2=" " tag="111"><subfield code="a">Conference on Maritime-Port Technology (MTEC)</subfield><subfield code="d">(2014 :</subfield><subfield code="c">Trondheim, Norway).</subfield><subfield code="j">Author.</subfield></datafield><datafield ind1="1" ind2="0" tag="245"><subfield code="a">Maritime-port technology and development :</subfield><subfield code="b">proceedings of the Conference on Maritime-Port Technology (MTEC 2014), Trondheim, Norway, 27-29 October 2014 /</subfield><subfield code="c">editors, S&#246;ren Ehlers &amp; Bj&#248;rn Egil Asbj&#248;rnslett, Norwegian University of Science and Technology (NTNU), Trondheim, Norway, &#216;rnulf Jan R&#248;dseth &amp; Tor Einar Berg, Norwegian Marine Technology Research Institute (MARINTEK), Trondheim, Norway.</subfield></datafield><datafield ind1=" " ind2="1" tag="264"><subfield code="a">Leiden, The Netherlands :</subfield><subfield code="b">CRC Press/Balkema,</subfield><subfield code="c">[2015]</subfield></datafield><datafield ind1=" " ind2="4" tag="264"><subfield code="c">&#169;2015</subfield></datafield><datafield ind1=" " ind2=" " tag="300"><subfield code="a">1 online resource.</subfield></datafield><datafield ind1=" " ind2=" " tag="336"><subfield code="a">text</subfield><subfield code="2">rdacontent</subfield></datafield><datafield ind1=" " ind2=" " tag="337"><subfield code="a">computer</subfield><subfield code="2">rdamedia</subfield></datafield><datafield ind1=" " ind2=" " tag="338"><subfield code="a">online resource</subfield><subfield code="2">rdacarrier</subfield></datafield><datafield ind1=" " ind2=" " tag="500"><subfield code="a">"A Balkema book."</subfield></datafield><datafield ind1=" " ind2=" " tag="504"><subfield code="a">Includes bibliographical references and index.</subfield></datafield><datafield ind1="0" ind2=" " tag="505"><subfield code="a">Congestion and truck service time minimization in a container terminal / D. Ambrosino and C. Caballini -- A dynamic discrete berth allocation problem for container terminals / M.M. Gargari and M.S.F. Niasar -- Ontology based management of maritime rules and compliance / M. Hagaseth [and four others] -- Maritime single windows : lessons learned from the eMAR Project / I. Koliousis, P. Koliousis and T. Katsoulakos -- A study on estimation methodology of GHG emission from vessels by using energy efficiency index and time series monitoring data / T. Kano and S. Namie -- A pathway towards more sustainable shipping in 2050 : a possible future for automation and remote operations / G. Manno -- Ship retrofit solutions : economic, energy and environmental impacts / R. Aronietis, C. Sys and T. Vanelslander -- Model and simulation of operational energy efficiency for inland river ships / X. Sun, X.P. Yan and Q.Z. Yin -- Reinforcing existing port facilities to withstand natural disasters : an analysis of increased construction costs / K. Takahashi, Y. Kasugai and I. Fukuda -- Designing an autonomous collision avoidance controller respecting COLREG / H.-C. Burmeister and W. Bruhn -- A generic modelling approach for heavy lifting marine operations / J. Xu and K.H. Halse -- Model predictive control of a waterborne AGV at the operational level / H. Zheng, R.R. Negenborn and G. Lodewijks -- Estimation of dynamic positioning performance by time-domain simulations : a step toward safer operations / D.T. Nguyen, L. Pivano and &#216;. Smogeli -- Possibilities to determine design loads for thrusters and drivetrain components using the flexible multibody-system method / B. Schlecht and T. Rosenl&#246;cher -- Computational fluid dynamics simulations of propeller wake effects on seabed / V.T. Nguyen, H.H. Nguyen, J. Lou and L. Yde -- Enhanced electrochemical performance in merged olivine structured cathode materials / S. Saadat and R. Yazami -- Sea trials for validation of shiphandling simulation models : a case study / &#216;. Selvik, T.E. Berg and S. Gavrilin -- Anti-corrosion method for marine steel structure by the calcareous deposits / T. Iwamoto [and four others] -- A risk based approach to the design of unmanned ship control systems / &#216;.J. R&#248;dseth and &#197;. Tjora -- Offshore upstream logistics for operations in arctic environment / A.-S. Milakovi&#263;, S. Ehlers, M.H. Westvik and P. Sch&#252;tz -- An evaluation of evacuation systems for arctic waters / O.E. Staalesen and S. Ehlers -- An approach towards the design of robust arctic maritime transport systems / M. Bergstr&#246;m, S. Ehlers and S.O. Erikstad -- Defining operational criteria for offshore vessels / T.E. Berg, &#216;. Selvik and B.O. Berge -- Real time ship exhaust gas monitoring for compliance to SOx and NOx regulation and CO2 footprint / T. Wijaya, T. Tjahjowidodo and P. Thepsithar -- Modelling of LNG fuel systems for simulations of transient operations / E.L. Grotle, V. &#198;s&#248;y and E. Pedersen -- Future internet enabled ship-port coordination / A. Rialland and &#197;. Tjora -- Ship port pre-arrival reporting and ship survey status as eMar services / E. Vanem, D. Yarmolenka and G. Korody.</subfield></datafield><datafield ind1=" " ind2=" " tag="596"><subfield code="a">44</subfield></datafield><datafield ind1=" " ind2="0" tag="650"><subfield code="a">Marine engineering</subfield><subfield code="v">Congresses.</subfield></datafield><datafield ind1=" " ind2="0" tag="650"><subfield code="a">Harbors</subfield><subfield code="v">Congresses.</subfield></datafield><datafield ind1="1" ind2=" " tag="700"><subfield code="a">Ehlers, S&#246;ren</subfield><subfield code="c">(College teacher),</subfield><subfield code="e">editor.</subfield></datafield><datafield ind1="1" ind2=" " tag="700"><subfield code="a">Asbj&#248;rnslett, Bj&#248;rn Egil,</subfield><subfield code="e">editor.</subfield></datafield><datafield ind1="1" ind2=" " tag="700"><subfield code="a">R&#248;dseth, &#216;rnulf Jan,</subfield><subfield code="e">editor.</subfield></datafield><datafield ind1="1" ind2=" " tag="700"><subfield code="a">Berg, Tor Einar,</subfield><subfield code="e">editor.</subfield></datafield><datafield ind1="2" ind2=" " tag="711"><subfield code="a">Conference on Maritime-Port Technology (MTEC)</subfield></datafield><datafield ind1="4" ind2="0" tag="856"><subfield code="3">University of Alberta Access</subfield><subfield code="u">http://marc.crcnetbase.com/isbn/9781315731629</subfield><subfield code="z">(Unlimited Concurrent Users)</subfield></datafield><datafield ind1=" " ind2=" " tag="949"><subfield code="h">UAIN</subfield><subfield code="z">CRC</subfield></datafield><datafield ind1=" " ind2=" " tag="926"><subfield code="a">Internet Access</subfield><subfield code="w">LC</subfield><subfield code="c">1</subfield><subfield code="i">6748894-1001</subfield><subfield code="l">INTERNET</subfield><subfield code="m">UAINTERNET</subfield><subfield code="r">Y</subfield><subfield code="s">Y</subfield><subfield code="t">E-RESOURCE</subfield><subfield code="u">12/2/2014</subfield><subfield code="x">E-BOOK</subfield><subfield code="z">CRC</subfield></datafield></record>